%%%%%%%% pcoct

@article{lavoie-quantum,
  author = {J. Lavoie and R. Kaltenbaek and K. J. Resch}, 
  journal = {Opt. Express}, 
  keywords = {Optical coherence tomography; Quantum optics},
  number = {5}, 
  pages = {3818--3825}, 
  publisher = {OSA},
  title = {Quantum-optical coherence tomography with classical light}, 
  volume = {17}, 
  month = {Mar},
  year = {2009},
  url = {http://www.opticsexpress.org/abstract.cfm?URI=oe-17-5-3818},
  doi = {10.1364/OE.17.003818}
}

@article{hong-measurement,
  title = {Measurement of subpicosecond time intervals between two photons by interference},
  author = {Hong, C. K. and Ou, Z. Y. and Mandel, L.},
  journal = {Phys. Rev. Lett.},
  volume = {59},
  issue = {18},
  pages = {2044--2046},
  numpages = {0},
  year = {1987},
  month = {Nov},
  publisher = {American Physical Society},
  doi = {10.1103/PhysRevLett.59.2044},
  url = {http://link.aps.org/doi/10.1103/PhysRevLett.59.2044}
}

@article{dixon-heralding,
  title = {Heralding efficiency and correlated-mode coupling of near-IR fiber-coupled photon pairs},
  author = {Dixon, P. B. and Rosenberg, D. and Stelmakh, V. and Grein, M. E. and Bennink, R. S. and Dauler, E. A. and Kerman, A. J. and Molnar, R. J. and Wong, F. N. C.},
  journal = {Phys. Rev. A},
  volume = {90},
  issue = {4},
  pages = {043804},
  numpages = {9},
  year = {2014},
  month = {Oct},
  publisher = {American Physical Society},
  doi = {10.1103/PhysRevA.90.043804},
  url = {http://link.aps.org/doi/10.1103/PhysRevA.90.043804}
}

@article{bennink-optimal,
  title = {Optimal collinear {G}aussian beams for spontaneous parametric down-conversion},
  author = {Bennink, R. S.},
  journal = {Phys. Rev. A},
  volume = {81},
  issue = {5},
  pages = {053805},
  numpages = {10},
  year = {2010},
  month = {May},
  publisher = {American Physical Society},
  doi = {10.1103/PhysRevA.81.053805},
  url = {http://link.aps.org/doi/10.1103/PhysRevA.81.053805}
}

@MastersThesis{venkatraman-thesis,
  author = {Venkatraman, D.},
  title = {Tools for quantum optics : pulsed polarization-maintaining Er-doped fiber laser and spatial mode manipulation in spontaneous parametric downconversion},
  school = {Massachusetts Institute of Technology},
  year = {2007}
}

@article{abouraddy-qoct,
  title = {Quantum-optical coherence tomography with dispersion cancellation},
  author = {Abouraddy, A. F. and Nasr, M. B. and Saleh, B. E. A. and Sergienko, A. V. and Teich, M. C.},
  journal = {Phys. Rev. A},
  volume = {65},
  issue = {5},
  pages = {053817},
  numpages = {6},
  year = {2002},
  month = {May},
  publisher = {American Physical Society},
  doi = {10.1103/PhysRevA.65.053817},
  url = {http://link.aps.org/doi/10.1103/PhysRevA.65.053817}
}

@article{nasr-qoct,
  title = {Demonstration of Dispersion-Canceled Quantum-Optical Coherence Tomography},
  author = {Nasr, M. B. and Saleh, B. E. A. and Sergienko, A. V. and Teich, M. C.},
  journal = {Phys. Rev. Lett.},
  volume = {91},
  issue = {8},
  pages = {083601},
  numpages = {4},
  year = {2003},
  month = {Aug},
  publisher = {American Physical Society},
  doi = {10.1103/PhysRevLett.91.083601},
  url = {http://link.aps.org/doi/10.1103/PhysRevLett.91.083601}
}

@article{steinberg-dispersion,
  title = {Dispersion cancellation in a measurement of the single-photon propagation velocity in glass},
  author = {Steinberg, A. M. and Kwiat, P. G. and Chiao, R. Y.},
  journal = {Phys. Rev. Lett.},
  volume = {68},
  issue = {16},
  pages = {2421--2424},
  numpages = {0},
  year = {1992},
  month = {Apr},
  publisher = {American Physical Society},
  doi = {10.1103/PhysRevLett.68.2421},
  url = {http://link.aps.org/doi/10.1103/PhysRevLett.68.2421}
}

@article{franson-dispersion,
  title = {Nonlocal cancellation of dispersion},
  author = {Franson, J. D.},
  journal = {Phys. Rev. A},
  volume = {45},
  issue = {5},
  pages = {3126--3132},
  numpages = {0},
  year = {1992},
  month = {Mar},
  publisher = {American Physical Society},
  doi = {10.1103/PhysRevA.45.3126},
  url = {http://link.aps.org/doi/10.1103/PhysRevA.45.3126}
}


@article{erkmen-pcoct,
  title = {Phase-conjugate optical coherence tomography},
  author = {Erkmen, B. I. and Shapiro, J. H.},
  journal = {Phys. Rev. A},
  volume = {74},
  issue = {4},
  pages = {041601},
  numpages = {4},
  year = {2006},
  month = {Oct},
  publisher = {American Physical Society},
  doi = {10.1103/PhysRevA.74.041601},
  url = {http://link.aps.org/doi/10.1103/PhysRevA.74.041601}
}

@phdthesis{erkmen-thesis,
  author = {Erkmen, B. I.},
  title = {Phase-Sensitive Light: Coherence Theory and Applications to Optical Imaging},
  school = {Massachusetts Institute of Technology},
  year = {2008},
  month = {May}
}

@article{legouet-experimental, 
  author = {Le Gou\"{e}t, J. and Venkatraman, D. and Wong, F. N. C and Shapiro, J. H.}, 
  journal = {Opt. Lett.}, 
  keywords = {Optical coherence tomography; Nonlinear optics, parametric processes; Phase conjugation; Quantum optics; Coherence tomography},
  number = {7}, 
  pages = {1001--1003}, 
  publisher = {OSA},
  title = {Experimental realization of phase-conjugate optical coherence tomography}, 
  volume = {35}, 
  month = {Apr},
  year = {2010},
  url = {http://ol.osa.org/abstract.cfm?URI=ol-35-7-1001},
  doi = {10.1364/OL.35.001001}
}

@article{louisell-spdc,
  title = {Quantum Fluctuations and Noise in Parametric Processes. I.},
  author = {Louisell, W. H. and Yariv, A. and Siegman, A. E.},
  journal = {Phys. Rev.},
  volume = {124},
  issue = {6},
  pages = {1646--1654},
  numpages = {0},
  year = {1961},
  month = {Dec},
  publisher = {American Physical Society},
  doi = {10.1103/PhysRev.124.1646},
  url = {http://link.aps.org/doi/10.1103/PhysRev.124.1646}
}

@article{harris-spdc,
  title = {Observation of Tunable Optical Parametric Fluorescence},
  author = {Harris, S. E. and Oshman, M. K. and Byer, R. L.},
  journal = {Phys. Rev. Lett.},
  volume = {18},
  issue = {18},
  pages = {732--734},
  numpages = {0},
  year = {1967},
  month = {May},
  publisher = {American Physical Society},
  doi = {10.1103/PhysRevLett.18.732},
  url = {http://link.aps.org/doi/10.1103/PhysRevLett.18.732}
}

@article{magde-spdc,
  title = {Study in Ammonium Dihydrogen Phosphate of Spontaneous Parametric Interaction Tunable from 4400 to 16 000 \AA{}},
  author = {Magde, D. and Mahr, H.},
  journal = {Phys. Rev. Lett.},
  volume = {18},
  issue = {21},
  pages = {905--907},
  numpages = {0},
  year = {1967},
  month = {May},
  publisher = {American Physical Society},
  doi = {10.1103/PhysRevLett.18.905},
  url = {http://link.aps.org/doi/10.1103/PhysRevLett.18.905}
}

@INPROCEEDINGS{akhmanov-spdc,
 author = {{Akhmanov}, S.~A. and {Chunaev}, O.~N. and {Fadeev}, V.~V. and {Khokhlov}, R.~V. and {Klyshko}, D.~N. and {Kovrigin}, A.~I. and {Piskarskas}, A.~S.},
 title = "{Parametric Generators of Light}",
  booktitle = {Modern Optics},
  year = 1967,
  editor = {{Fox}, J.},
  pages = {343}
}

@article{byer-spdc,
  title = {Power and Bandwidth of Spontaneous Parametric Emission},
  author = {Byer, R. L. and Harris, S. E.},
  journal = {Phys. Rev.},
  volume = {168},
  issue = {3},
  pages = {1064--1068},
  numpages = {0},
  year = {1968},
  month = {Apr},
  publisher = {American Physical Society},
  doi = {10.1103/PhysRev.168.1064},
  url = {http://link.aps.org/doi/10.1103/PhysRev.168.1064}
}

@article{burnham-spdc,
  title = {Observation of Simultaneity in Parametric Production of Optical Photon Pairs},
  author = {Burnham, D. C. and Weinberg, D. L.},
  journal = {Phys. Rev. Lett.},
  volume = {25},
  issue = {2},
  pages = {84--87},
  numpages = {0},
  year = {1970},
  month = {Jul},
  publisher = {American Physical Society},
  doi = {10.1103/PhysRevLett.25.84},
  url = {http://link.aps.org/doi/10.1103/PhysRevLett.25.84}
}

@article{tapster-spdc,
  title = {Use of parametric down-conversion to generate sub-{P}oissonian light},
  author = {Tapster, P. R. and Rarity, J. G. and Satchell, J. S.},
  journal = {Phys. Rev. A},
  volume = {37},
  issue = {8},
  pages = {2963--2967},
  numpages = {0},
  year = {1988},
  month = {Apr},
  publisher = {American Physical Society},
  doi = {10.1103/PhysRevA.37.2963},
  url = {http://link.aps.org/doi/10.1103/PhysRevA.37.2963}
}

@article{fasel-spdc,
  author={Fasel, S. and Alibart, O. and Tanzilli, S. and Baldi, P. and Beveratos, A. and Gisin, N. and
Zbinden, H.},
  title={High-quality asynchronous heralded single-photon source at telecom wavelength},
  journal={New Journal of Physics},
  volume={6},
  number={1},
  pages={163},
  url={http://stacks.iop.org/1367-2630/6/i=1/a=163},
  year={2004},
}

@article{pittman-spdc,
  title = "Heralding single photons from pulsed parametric down-conversion ",
  author = "Pittman, T. B. and Jacobs, B. C. and Franson, J. D.",
  journal = "Optics Communications",
  volume = "246",
  number = "4â€“6",
  pages = "545 - 550",
  year = "2005",
  note = "",
  issn = "0030-4018",
  doi = "http://dx.doi.org/10.1016/j.optcom.2004.11.027",
  url = "http://www.sciencedirect.com/science/article/pii/S0030401804011551"
}

@article{kurtsiefer-spdc,
  title = {High-efficiency entangled photon pair collection in type-II parametric fluorescence},
  author = {Kurtsiefer, C. and Oberparleiter, M. and Weinfurter, H.},
  journal = {Phys. Rev. A},
  volume = {64},
  issue = {2},
  pages = {023802},
  numpages = {4},
  year = {2001},
  month = {Jul},
  publisher = {American Physical Society},
  doi = {10.1103/PhysRevA.64.023802},
  url = {http://link.aps.org/doi/10.1103/PhysRevA.64.023802}
}

@article{wong-spdc,
  year={2006},
  issn={1054-660X},
  journal={Laser Physics},
  volume={16},
  number={11},
  doi={10.1134/S1054660X06110053},
  title={Efficient generation of polarization-entangled photons in a nonlinear crystal},
  url={http://dx.doi.org/10.1134/S1054660X06110053},
  publisher={Nauka/Interperiodica},
  keywords={42.65.Lm; 03.65.Ud; 03.67.Mn; 42.50.Dv},
  author={Wong, F.N.C. and Shapiro, J.H. and Kim, T.},
  pages={1517-1524},
  language={English}
}

@ARTICLE{boyd-focus,
  author = {{Boyd}, G.~D. and {Kleinman}, D.~A.},
  title = {Parametric interaction of focused {G}aussian light beams},
  journal = {Journal of Applied Physics},
  year = 1968,
  month = jul,
  volume = 39,
  pages = {3597-3639},
  doi = {10.1063/1.1656831},
  adsurl = {http://adsabs.harvard.edu/abs/1968JAP....39.3597B},
  adsnote = {Provided by the SAO/NASA Astrophysics Data System}
}

@article{ljunggren-focus,
  title = {Optimal focusing for maximal collection of entangled narrow-band photon pairs into single-mode fibers},
  author = {Ljunggren, D. and Tengner, M.},
  journal = {Phys. Rev. A},
  volume = {72},
  issue = {6},
  pages = {062301},
  numpages = {17},
  year = {2005},
  month = {Dec},
  publisher = {American Physical Society},
  doi = {10.1103/PhysRevA.72.062301},
  url = {http://link.aps.org/doi/10.1103/PhysRevA.72.062301}
}

@ARTICLE{bovino-focus,
  author = {Bovino, F. A. and Varisco, P. and Colla, A. M. and Sergienko, A. V.},
  title = {Effective fiber-coupling of entangled photons for quantum communication},
  journal = {Opt. Commun.},
  year = {2003},
  pages = {343--348}
}

@article{bennink-focus,
  title = {Spatial distinguishability of photons produced by spontaneous parametric down-conversion with a focused pump},
  author = {Bennink, R. S. and Liu, Y. and Earl, D. D. and Grice, W. P.},
  journal = {Phys. Rev. A},
  volume = {74},
  issue = {2},
  pages = {023802},
  numpages = {7},
  year = {2006},
  month = {Aug},
  publisher = {American Physical Society},
  doi = {10.1103/PhysRevA.74.023802},
  url = {http://link.aps.org/doi/10.1103/PhysRevA.74.023802}
}

@article{fedrizzi-focus,
  author = {Fedrizzi, A. and Herbst, T. and Poppe, A. and Jennewein, T. and Zeilinger, A.}, 
  journal = {Opt. Express},
  keywords = {Nonlinear optics, parametric processes; Quantum optics},
  number = {23}, 
  pages = {15377--15386}, 
  publisher = {OSA},
  title = {A wavelength-tunable fiber-coupled source of narrowband entangled photons}, 
  volume = {15}, 
  month = {Nov},
  year = {2007},
  url = {http://www.opticsexpress.org/abstract.cfm?URI=oe-15-23-15377},
  doi = {10.1364/OE.15.015377}
}

@article{mazurek-dispersion,
  title={Dispersion-cancelled biological imaging with quantum-inspired interferometry},
  author={Mazurek, MD and Schreiter, KM and Prevedel, R and Kaltenbaek, R and Resch, KJ},
  journal={Scientific reports},
  volume={3},
  year={2013},
  publisher={Nature Publishing Group}
}

@article{legouet-interferometry,
  author = {Le Gou\"{e}t, J. and Venkatraman, D. and Wong, F. N. C. and Shapiro, J. H.}, 
  journal = {Opt. Express}, 
  keywords = {Optical coherence tomography; Nonlinear optics, parametric processes; Phase conjugation},
  number = {20}, 
  pages = {17874--17887}, 
  publisher = {OSA},
  title = {Classical low-coherence interferometry based on broadband parametric fluorescence and amplification}, 
  volume = {17}, 
  month = {Sep},
  year = {2009},
  url = {http://www.opticsexpress.org/abstract.cfm?URI=oe-17-20-17874},
  doi = {10.1364/OE.17.017874}
}

######## ghost

@article{venkatraman-classical,
  author = {D. Venkatraman and N. D. Hardy and F. N. C. Wong and J. H. Shapiro}, 
  journal = {Opt. Lett.}, 
  keywords = {Imaging systems; Partial coherence in imaging; Quantum optics},
  number = {18}, 
  pages = {3684--3686}, 
  publisher = {OSA},
  title = {Classical far-field phase-sensitive ghost imaging}, 
  volume = {36}, 
  month = {Sep},
  year = {2011},
  url = {http://ol.osa.org/abstract.cfm?URI=ol-36-18-3684},
  doi = {10.1364/OL.36.003684}
}

@article{scarcelli-can,
  title = {Can Two-Photon Correlation of Chaotic Light Be Considered as Correlation of Intensity Fluctuations?},
  author = {Scarcelli, G. and Berardi, V. and Shih, Y.},
  journal = {Phys. Rev. Lett.},
  volume = {96},
  issue = {6},
  pages = {063602},
  numpages = {4},
  year = {2006},
  month = {Feb},
  publisher = {American Physical Society},
  doi = {10.1103/PhysRevLett.96.063602},
  url = {http://link.aps.org/doi/10.1103/PhysRevLett.96.063602}
}

@article{dangelo-identifying,
  title = {Identifying Entanglement Using Quantum Ghost Interference and Imaging},
  author = {D'Angelo, M. and Kim, Y. and Kulik, S. P. and Shih, Y.},
  journal = {Phys. Rev. Lett.},
  volume = {92},
  issue = {23},
  pages = {233601},
  numpages = {4},
  year = {2004},
  month = {Jun},
  publisher = {American Physical Society},
  doi = {10.1103/PhysRevLett.92.233601},
  url = {http://link.aps.org/doi/10.1103/PhysRevLett.92.233601}
}

@article{bennink-quantum,
  title = {Quantum and Classical Coincidence Imaging},
  author = {Bennink, R. S. and Bentley, S. J. and Boyd, R. W. and Howell, J. C.},
  journal = {Phys. Rev. Lett.},
  volume = {92},
  issue = {3},
  pages = {033601},
  numpages = {4},
  year = {2004},
  month = {Jan},
  publisher = {American Physical Society},
  doi = {10.1103/PhysRevLett.92.033601},
  url = {http://link.aps.org/doi/10.1103/PhysRevLett.92.033601}
}

@article{gatti-entangled,
  title = {Entangled Imaging and Wave-Particle Duality: From the Microscopic to the Macroscopic Realm},
  author = {Gatti, A. and Brambilla, E. and Lugiato, L. A.},
  journal = {Phys. Rev. Lett.},
  volume = {90},
  issue = {13},
  pages = {133603},
  numpages = {4},
  year = {2003},
  month = {Apr},
  publisher = {American Physical Society},
  doi = {10.1103/PhysRevLett.90.133603},
  url = {http://link.aps.org/doi/10.1103/PhysRevLett.90.133603}
}

@article{abouraddy-fourier,
  author = {Abouraddy, A. F. and Saleh, B. E. A. and Sergienko, A. V. and Teich, M. C.}, 
  journal = {J. Opt. Soc. Am. B}, 
  keywords = {Fourier optics and signal processing ; Imaging systems; Nonlinear optics; Quantum optics},
  number = {5}, 
  pages = {1174--1184}, 
  publisher = {OSA},
  title = {Entangled-photon Fourier optics}, 
  volume = {19}, 
  month = {May},
  year = {2002},
  url = {http://josab.osa.org/abstract.cfm?URI=josab-19-5-1174},
  doi = {10.1364/JOSAB.19.001174}
}


@article{abouraddy-role,
  title = {Role of Entanglement in Two-Photon Imaging},
  author = {Abouraddy, A. F. and Saleh, B. E. A. and Sergienko, A. V. and Teich, M. C.},
  journal = {Phys. Rev. Lett.},
  volume = {87},
  issue = {12},
  pages = {123602},
  numpages = {4},
  year = {2001},
  month = {Aug},
  publisher = {American Physical Society},
  doi = {10.1103/PhysRevLett.87.123602},
  url = {http://link.aps.org/doi/10.1103/PhysRevLett.87.123602}
}

@article{valencia-two,
  title = {Two-Photon Imaging with Thermal Light},
  author = {Valencia, A. and Scarcelli, G. and D'Angelo, M. and Shih, Y.},
  journal = {Phys. Rev. Lett.},
  volume = {94},
  issue = {6},
  pages = {063601},
  numpages = {4},
  year = {2005},
  month = {Feb},
  publisher = {American Physical Society},
  doi = {10.1103/PhysRevLett.94.063601},
  url = {http://link.aps.org/doi/10.1103/PhysRevLett.94.063601}
}

@article{ferri-high,
  title = {High-Resolution Ghost Image and Ghost Diffraction Experiments with Thermal Light},
  author = {Ferri, F. and Magatti, D. and Gatti, A. and Bache, M. and Brambilla, E. and Lugiato, L. A.},
  journal = {Phys. Rev. Lett.},
  volume = {94},
  issue = {18},
  pages = {183602},
  numpages = {4},
  year = {2005},
  month = {May},
  publisher = {American Physical Society},
  doi = {10.1103/PhysRevLett.94.183602},
  url = {http://link.aps.org/doi/10.1103/PhysRevLett.94.183602}
}


@conference{takhar-new,
  title = {A New Compressive Imaging Camera Architecture using Optical-Domain Compression},
  booktitle = {Proceedings of Computational Imaging IV at SPIE Electronic Imaging},
  year = {2006},
  month = {Jan.},
  pages = {43-52},
  address = {San Jose, CA},
  keywords = {camera, Compressed Sensing, imaging, incoherent projections, linear programming, random matrices, sparsity},
  author = {Takhar, D. and Laska, J. N. and Wakin, M. B. and Duarte, M. F. and Baron, D. and Sarvotham, S. and Kelly, K. F. and Baraniuk, R. G.}
}

@phdthesis{hardy-thesis,
  author = {Hardy, N. D.},
  title = {Analyzing and Improving Image Quality in Reflective Ghost Imaging},
  school = {Massachusetts Institute of Technology},
  year = {2011},
  month = {February}
}

@article{erkmen-signal,
  title = {Signal-to-noise ratio of {G}aussian-state ghost imaging},
  author = {Erkmen, B. I. and Shapiro, J. H.},
  journal = {Phys. Rev. A},
  volume = {79},
  issue = {2},
  pages = {023833},
  numpages = {11},
  year = {2009},
  month = {Feb},
  publisher = {American Physical Society},
  doi = {10.1103/PhysRevA.79.023833},
  url = {http://link.aps.org/doi/10.1103/PhysRevA.79.023833}
}


@article {candes-stable,
author = {CandÃ¨s, E. J. and Romberg, J. K. and Tao, T.},
title = {Stable signal recovery from incomplete and inaccurate measurements},
journal = {Communications on Pure and Applied Mathematics},
volume = {59},
number = {8},
publisher = {Wiley Subscription Services, Inc., A Wiley Company},
issn = {1097-0312},
url = {http://dx.doi.org/10.1002/cpa.20124},
doi = {10.1002/cpa.20124},
pages = {1207--1223},
year = {2006},
}

@ARTICLE{duarte-single,
author={Duarte, M.F. and Davenport, M.A. and Takhar, D. and Laska, J.N. and Sun, T. and Kelly, K.F. and Baraniuk, R.G.}, 
journal={Signal Processing Magazine, IEEE}, 
title={Single-Pixel Imaging via Compressive Sampling}, 
year={2008}, 
month={March}, 
volume={25}, 
number={2}, 
pages={83-91}, 
keywords={cameras;data compression;digital photography;image sampling;micromirrors;broad spectral range;compressive sampling;digital camera;digital micromirror device;single pixel imaging;CMOS image sensors;Charge coupled devices;Computer architecture;Digital cameras;Hyperspectral imaging;Image reconstruction;Layout;Lenses;Optical computing;Sampling methods}, 
doi={10.1109/MSP.2007.914730}, 
ISSN={1053-5888},}

@article{xun-phase,
author = {Xun, X. and Cohn, R. W.}, 
journal = {Appl. Opt.}, 
keywords = {Diffractive optics; Paraxial wave optics ; Interferometry; Phase measurement; Spatial light modulators},
number = {35}, 
pages = {6400--6406}, 
publisher = {OSA},
title = {Phase calibration of spatially nonuniform spatial light modulators}, 
volume = {43}, 
month = {Dec},
year = {2004},
url = {http://ao.osa.org/abstract.cfm?URI=ao-43-35-6400},
doi = {10.1364/AO.43.006400},
abstract = {A new 512 {\texttimes} 512 pixel phase-only spatial light modulator (SLM) has been found to deviate from being flat by several wavelengths. Also, the retardation of the SLM relative to voltage varies across the device by as much as 0.25 wavelength. The birefringence of each pixel as a function of address voltage is measured from the intensity of the SLM between crossed polarizers. To these responses are added a reference spatial phase measured by phase shifting interferometry for a single address voltage. Fits to the measured data facilitate the compensation of the SLM to a root-mean-square wave-front error of 0.06 wavelength. The application of these corrections to flatten the full aperture of the SLM sharpens the focal plane spot and reduces the distortion of computer-designed diffraction patterns.},
}


@article{pittman-ghost,
  title = {Optical imaging by means of two-photon quantum entanglement},
  author = {Pittman, T. B. and Shih, Y. H. and Strekalov, D. V. and Sergienko, A. V.},
  journal = {Phys. Rev. A},
  volume = {52},
  issue = {5},
  pages = {R3429--R3432},
  numpages = {0},
  year = {1995},
  month = {Nov},
  publisher = {American Physical Society},
  doi = {10.1103/PhysRevA.52.R3429},
  url = {http://link.aps.org/doi/10.1103/PhysRevA.52.R3429}
}

@article{erkmen-from,
author = {Erkmen, B. I. and Shapiro, J. H.}, 
journal = {Adv. Opt. Photon.}, 
keywords = {},
number = {4}, 
pages = {405--450}, 
publisher = {OSA},
title = {Ghost imaging: from quantum to classical to computational}, 
volume = {2}, 
month = {Dec},
year = {2010},
url = {http://aop.osa.org/abstract.cfm?URI=aop-2-4-405},
doi = {10.1364/AOP.2.000405}
}

@article{bromberg-ghost,
  title = {Ghost imaging with a single detector},
  author = {Bromberg, Y. and Katz, O. and Silberberg, Y.},
  journal = {Phys. Rev. A},
  volume = {79},
  issue = {5},
  pages = {053840},
  numpages = {4},
  year = {2009},
  month = {May},
  publisher = {American Physical Society},
  doi = {10.1103/PhysRevA.79.053840},
  url = {http://link.aps.org/doi/10.1103/PhysRevA.79.053840}
}

@article{janesick-astronomical,
  title = {Astronomical {CCD} Observing and Reduction Techniques},
  author = {Janesick, J. and Elliott, T.},
  journal = {Astronomical Society of the Pacific Conference Series},
  volume = {23},
  pages = {1-67},
  year = {1992},
  publisher = {Astronomical Society of the Pacific}
}

@article{valencia-ghost,
  title = {Two-Photon Imaging with Thermal Light},
  author = {Valencia, A. and Scarcelli, G. and D'Angelo, M. and Shih, Y.},
  journal = {Phys. Rev. Lett.},
  volume = {94},
  issue = {6},
  pages = {063601},
  numpages = {4},
  year = {2005},
  month = {Feb},
  publisher = {American Physical Society},
  doi = {10.1103/PhysRevLett.94.063601},
  url = {http://link.aps.org/doi/10.1103/PhysRevLett.94.063601}
}

@article{erkmen-unified,
  title = {Unified theory of ghost imaging with {G}aussian-state light},
  author = {Erkmen, B. I. and Shapiro, J. H.},
  journal = {Phys. Rev. A},
  volume = {77},
  issue = {4},
  pages = {043809},
  numpages = {13},
  year = {2008},
  month = {Apr},
  publisher = {American Physical Society},
  doi = {10.1103/PhysRevA.77.043809},
  url = {http://link.aps.org/doi/10.1103/PhysRevA.77.043809}
}

@article{shapiro-computational,
  title = {Computational ghost imaging},
  author = {Shapiro, J. H.},
  journal = {Phys. Rev. A},
  volume = {78},
  issue = {6},
  pages = {061802},
  numpages = {4},
  year = {2008},
  month = {Dec},
  publisher = {American Physical Society},
  doi = {10.1103/PhysRevA.78.061802},
  url = {http://link.aps.org/doi/10.1103/PhysRevA.78.061802}
}

# [romberg] J. Romberg, IEEE Sig. Proc. Mag. March, 14 (2008). 
@article{ragy-nature,
  title={Nature of light correlations in ghost imaging},
  author={Ragy, S. and Adesso, G.},
  journal={Scientific reports},
  volume={2},
  year={2012},
  publisher={Nature Publishing Group}
}

@article{zerom-entangled,
  title = {Entangled-photon compressive ghost imaging},
  author = {Zerom, P. and Chan, K. W. C. and Howell, J. C. and Boyd, R. W.},
  journal = {Phys. Rev. A},
  volume = {84},
  issue = {6},
  pages = {061804},
  numpages = {4},
  year = {2011},
  month = {Dec},
  publisher = {American Physical Society},
  doi = {10.1103/PhysRevA.84.061804},
  url = {http://link.aps.org/doi/10.1103/PhysRevA.84.061804}
}

@article{shapiro-discord,
  title={Ghost Imaging without Discord},
  author={Shapiro, J. H. and Venkatraman, D. and Wong, F. N. C.},
  journal={Scientific reports},
  volume={3},
  year={2013},
  publisher={Nature Publishing Group}
}

@article{katz-compressive,
   author = "Katz, O. and Bromberg, Y. and Silberberg, Y.",
   title = "Compressive ghost imaging",
   journal = "Applied Physics Letters",
   year = "2009",
   volume = "95",
   number = "13", 
   pages = 131110,
   url = "http://scitation.aip.org/content/aip/journal/apl/95/13/10.1063/1.3238296",
   doi = "http://dx.doi.org/10.1063/1.3238296" 
}

@misc{l1magic,
    author = {Emmanuel, C. and Romberg, J.},
    title = {{L1}-magic: Recovery of Sparse Signals via Convex Programming},
    howpublished = {http://users.ece.gatech.edu/~justin/l1magic/}
}

@article{yall1,
  title={Alternating direction algorithms for $\backslash$ell\_1-problems in compressive sensing},
  author={Yang, Junfeng and Zhang, Yin},
  journal={SIAM journal on scientific computing},
  volume={33},
  number={1},
  pages={250--278},
  year={2011},
  publisher={SIAM}
}

######## first

@ARTICLE{villa-spad,
author={Villa, F. and Markovic, B. and Bellisai, S. and Bronzi, D. and Tosi, A. and Zappa, F. and Tisa, S. and Durini, D. and Weyers, S. and Paschen, U. and Brockherde, W.}, 
journal={Photonics Journal, IEEE}, 
title={{SPAD} Smart Pixel for Time-of-Flight and Time-Correlated Single-Photon Counting Measurements}, 
year={2012}, 
month={June}, 
volume={4}, 
number={3}, 
pages={795-804}, 
keywords={{CMOS} integrated circuits;avalanche photodiodes;fluorescence;photon counting;smart pixels;2D fluorescence lifetime decays;3D depth ranging;CMOS detector;CMOS technology;SPAD smart pixel;analog front-end electronics;biomedical imaging;full scale range;output buffers;single photon avalanche diode;single photon imager arrays;size 0.35 mum;size 30 mum;temperature 293 K to 298 K;time-correlated single photon counting measurement;time-of-flight measurement;time-to-digital converter;voltage 5 V;wavelength 410 nm;wavelength 800 nm;word length 10 bit;CMOS integrated circuits;CMOS technology;Clocks;Detectors;Logic gates;Photonics;Timing;2-D imaging;3-D ranging;CMOS imager;fluorescence lifetime imaging;photon counting;photon timing;single photon detector;time of flight (TOF);time-correlated single photon counting (TCSPC);time-to-digital converter}, 
doi={10.1109/JPHOT.2012.2198459}, 
ISSN={1943-0655},}

@article{guerrieri-two,
  title={Two-dimensional SPAD imaging camera for photon counting},
  author={Guerrieri, F. and Tisa, S. and Tosi, A. and Zappa, F.},
  journal={Photonics Journal, IEEE},
  volume={2},
  number={5},
  pages={759--774},
  year={2010},
  publisher={IEEE}
}

@article{scarcella-low,
   author = "Scarcella, C. and Tosi, A. and Villa, F. and Tisa, S. and Zappa, F.",
   title = "Low-noise low-jitter 32-pixels CMOS single-photon avalanche diodes array for single-photon counting from 300 nm to 900 nm",
   journal = "Review of Scientific Instruments",
   year = "2013",
   volume = "84",
   number = "12", 
   eid = 123112,
   pages = "-",
   url = "http://scitation.aip.org/content/aip/journal/rsi/84/12/10.1063/1.4850677",
   doi = "http://dx.doi.org/10.1063/1.4850677" 
}


@article{degnan-photon,
title = "Photon-counting multikilohertz microlaser altimeters for airborne and spaceborne topographic measurements ",
journal = "Journal of Geodynamics ",
volume = "34",
number = "3â€“4",
pages = "503 - 549",
year = "2002",
note = "",
issn = "0264-3707",
doi = "http://dx.doi.org/10.1016/S0264-3707(02)00045-5",
url = "http://www.sciencedirect.com/science/article/pii/S0264370702000455",
author = "Degnan, J. J."
}


@article{albota-three,
author = {M. A. Albota and R. M. Heinrichs and D. G. Kocher and D. G. Fouche and B. E. Player and M. E. O'Brien and B. F. Aull and J. J. Zayhowski and J. Mooney and B. C. Willard and R. R. Carlson}, 
journal = {Appl. Opt.}, 
keywords = {Three-dimensional image acquisition; Remote sensing and sensors ; Laser sensors; Lidar},
number = {36}, 
pages = {7671--7678}, 
publisher = {OSA},
title = {Three-dimensional imaging laser radar with a photon-counting avalanche photodiode array and microchip laser}, 
volume = {41}, 
month = {Dec},
year = {2002},
url = {http://ao.osa.org/abstract.cfm?URI=ao-41-36-7671},
doi = {10.1364/AO.41.007671},
}



@article{kirmani-first,
author = {Kirmani, A. and Venkatraman, D. and Shin, D. and Cola\c{c}o, A. and Wong, F. N. C. and Shapiro, J. H. and Goyal, V. K}, 
title = {First-Photon Imaging},
volume = {343}, 
number = {6166}, 
pages = {58-61}, 
year = {2014}, 
doi = {10.1126/science.1246775}, 
abstract ={Imagers that use their own illumination can capture three-dimensional (3D) structure and reflectivity information. With photon-counting detectors, images can be acquired at extremely low photon fluxes. To suppress the Poisson noise inherent in low-flux operation, such imagers typically require hundreds of detected photons per pixel for accurate range and reflectivity determination. We introduce a low-flux imaging technique, called first-photon imaging, which is a computational imager that exploits spatial correlations found in real-world scenes and the physics of low-flux measurements. Our technique recovers 3D structure and reflectivity from the first detected photon at each pixel. We demonstrate simultaneous acquisition of subâ€“pulse duration range and 4-bit reflectivity information in the presence of high background noise. First-photon imaging may be of considerable value to both microscopy and remote sensing.}, 
URL = {http://www.sciencemag.org/content/343/6166/58.abstract}, 
eprint = {http://www.sciencemag.org/content/343/6166/58.full.pdf}, 
journal = {Science} 
}

@article{kirmani-photon,
    author = {Shin, D. and Kirmani, A. and Goyal, V. K. and Shapiro, J. H.},
    title = {Photon-Efficient Computational {3D} and Reflectivity Imaging with Single-Photon Detectors},
    journal = {arXiv/stat},
    year = {2014},
    url = {http://arxiv.org/abs/1406.1761}
}

@article{becker-fluorescence,
author = {Becker, W. and Bergmann, A. and Hink, M.A. and KÃ¶nig, K. and Benndorf, K. and Biskup, C.},
title = {Fluorescence lifetime imaging by time-correlated single-photon counting},
journal = {Microscopy Research and Technique},
volume = {63},
number = {1},
publisher = {Wiley Subscription Services, Inc., A Wiley Company},
issn = {1097-0029},
url = {http://dx.doi.org/10.1002/jemt.10421},
doi = {10.1002/jemt.10421},
pages = {58--66},
keywords = {fluorescence lifetime imaging, FLIM, time-correlated single photon counting, TCSPC, multiphoton microscopy, confocal microscopy, multi-wavelength, fluorescence resonance energy transfer, FRET},
year = {2004},
}

@article{mccarthy-kilometer,
author = {A. McCarthy and N. J. Krichel and N. R. Gemmell and X. Ren and M. G. Tanner and S. N. Dorenbos and V. Zwiller and R. H. Hadfield and G. S. Buller}, 
journal = {Opt. Express}, 
keywords = {Photon counting; Photon statistics; Low light level; Three-dimensional image acquisition; Metrological instrumentation; Laser range finder},
number = {7}, 
pages = {8904--8915}, 
publisher = {OSA},
title = {Kilometer-range, high resolution depth imaging via 1560 nm wavelength single-photon detection}, 
volume = {21}, 
month = {Apr},
year = {2013},
url = {http://www.opticsexpress.org/abstract.cfm?URI=oe-21-7-8904},
doi = {10.1364/OE.21.008904},
}

@ARTICLE{buller-ranging,
author={Buller, G. S. and Wallace, A.M.}, 
journal={Selected Topics in Quantum Electronics, IEEE Journal of}, 
title={Ranging and Three-Dimensional Imaging Using Time-Correlated Single-Photon Counting and Point-by-Point Acquisition}, 
year={2007}, 
month={July}, 
volume={13}, 
number={4}, 
pages={1006-1015}, 
keywords={Monte Carlo methods;avalanche photodiodes;laser ranging;maximum likelihood estimation;optical radar;photodetectors;photon counting;radar imaging;Markov processes;Monte Carlo methods;avalanche photodiodes;distance 1 m to 50 m;distance 100 m;distance measurement;laser radar;maximum likelihood estimation;noncooperative target;point by point acquisition;three dimensional imaging;time correlated single photon counting;time of flight ranging;Aerospace industry;Defense industry;Laser radar;Metrology;Optical imaging;Optical scattering;Particle scattering;Performance evaluation;Reverse engineering;Time measurement;Avalanche photodiodes;Markov processes;Monte Carlo methods;distance measurement;imaging;laser radar;maximum likelihood estimation}, 
doi={10.1109/JSTQE.2007.902850}, 
ISSN={1077-260X},}

@article{jack-hgcdte,
author = {Jack, M. and Wehner, J. and Edwards, J. and Chapman, G. and Hall, D. N. B. and Jacobson, S. M.},
title = {{HgCdTe} {APD}-based linear-mode photon counting components and ladar receivers},
journal = {Proc. SPIE},
volume = {8033},
number = {},
pages = {80330M-80330M-18},
year = {2011},
doi = {10.1117/12.888134},
URL = { http://dx.doi.org/10.1117/12.888134},
eprint = {}
}

@article{chen-photon,
title = "The Photon Counting Histogram in Fluorescence Fluctuation Spectroscopy ",
journal = "Biophysical Journal ",
volume = "77",
number = "1",
pages = "553 - 567",
year = "1999",
note = "",
issn = "0006-3495",
doi = "http://dx.doi.org/10.1016/S0006-3495(99)76912-2",
url = "http://www.sciencedirect.com/science/article/pii/S0006349599769122",
author = "Y. Chen and J. D. MÃ¼ller and P. T.C. So and E. Gratton"
}

@article{pellegrini-laser,
  author={S. Pellegrini and G. S. Buller and J. M. Smith and A. M. Wallace and S. Cova},
  title={Laser-based distance measurement using picosecond resolution time-correlated single-photon counting},
  journal={Measurement Science and Technology},
  volume={11},
  number={6},
  pages={712},
  url={http://stacks.iop.org/0957-0233/11/i=6/a=314},
  year={2000},
}

@article{mccarthy-photon,
author = {A. McCarthy and X. Ren and A. D. Frera and N. R. Gemmell and N. J. Krichel and C. Scarcella and A. Ruggeri and A. Tosi and G. S. Buller}, 
journal = {Opt. Express}, 
keywords = {Photon counting; Low light level; Three-dimensional image acquisition; Remote sensing and sensors ; Metrological instrumentation; Avalanche photodiodes (APDs)},
number = {19}, 
pages = {22098--22113}, 
publisher = {OSA},
title = {Kilometer-range depth imaging at 1550 nm wavelength using an InGaAs/InP single-photon avalanche diode detector}, 
volume = {21}, 
month = {Sep},
year = {2013},
url = {http://www.opticsexpress.org/abstract.cfm?URI=oe-21-19-22098},
doi = {10.1364/OE.21.022098},
}

@article {nicolas-applications,
author = {Nicolas, J. C.},
title = {Applications of low-light imaging to life sciences},
journal = {Journal of Bioluminescence and Chemiluminescence},
volume = {9},
number = {3},
publisher = {John Wiley and Sons, Ltd.},
issn = {1099-1271},
url = {http://dx.doi.org/10.1002/bio.1170090307},
doi = {10.1002/bio.1170090307},
pages = {139--144},
year = {1994},
}

@article{savage-single,
  title={Single-photon counting},
  author={Savage, N.},
  journal={Nature Photonics},
  volume={3},
  number={12},
  pages={738--739},
  year={2009},
  publisher={Nature Publishing Group}
}

# D. L. Snyder, Random Point Processes (Wiley, New York, 1975).
@book{snyder-random,
  title={Random point processes},
  author={Snyder, D. L.},
  publisher={Wiley, New York},
  year={1975}
}

@article{obrien-simulation,
  title={Simulation of 3D laser radar systems},
  author={Oâ€™Brien, M. E. and Fouche, D. G.},
  journal={Lincoln Laboratory Journal},
  volume={15},
  number={1},
  pages={37--60},
  year={2005}
}

@article{harmany-spiral,
  title={This is {SPIRAL-TAP}: sparse {P}oisson intensity reconstruction algorithm},
  author={Harmany, Z. T. and Marcia, R. F. and Willett, R. M.},
  journal={IEEE Transactions on Image Processing},
  volume={21},
  number={3},
  pages={1084--1096},
  year={2012},
  publisher={IEEE}
}

# D. P. Bertsekas, J. N. Tsitsiklis, Introduction to Probability (Athena Scientific, Belmont, MA, 2002).

@book{bertsekas-introduction,
  title={Introduction to Probability},
  author={Bertsekas, D. P. and Tsitsiklis, J. N.},
  year={2002},
  publisher={Athena Scientific, Belmont, MA}
}

@article{garnett-universal,
  title={A universal noise removal algorithm with an impulse detector},
  author={Garnett, R. and Huegerich, T. and Chui, C. and He, W.},
  journal={Image Processing, IEEE Transactions on},
  volume={14},
  number={11},
  pages={1747--1754},
  year={2005},
  publisher={IEEE}
}

# S. G. Mallat, A Wavelet Tour of Signal Processing (Elsevier, Amsterdam, 2009).

@book{mallat-wavelet,
  title={A Wavelet Tour of Signal Processing},
  author={S. G. Mallat},
  year={2009},
  publisher={Elsevier, Amsterdam}
}

# S. P. Boyd, L. Vandenberghe, Convex Optimization (Cambridge Univ. Press, Cambridge, 2004).

@book{boyd-convex,
  title={Convex Optimization},
  author={S. P. Boyd and L. Vandenberghe},
  year={2004},
  publisher={Cambridge University Press, Cambridge}
}

@phdthesis{villa-thesis,
  author = {Villa, F. A.},
  title = {Time-of-flight camera for long-distance 3D ranging},
  school = {Politecnico di Milano},
  year = {2013}
}

@article{schwarz-mapping,
  title={Mapping the world in 3D},
  author={Schwarz, B.},
  journal={Nat. Photonics},
  volume={4},
  number={7},
  pages={429--430},
  year={2010}
}

@misc{princetonlightwave,
  title = {Princeton {L}ightwave, {I}nc.},
  howpublished = {http://www.princetonlightwave.com/}
}
